101 06701058315916348081908301338T094101MASTER FUNDING - REGIONPREFCO DISTRIBUTION, LL
5220PREFCO DISTRIBUTION, LLC            1591634808CTXPAYMENTJNL190903190903   1067010580000001
6221110006141889047146       001060213450197          0000NATIONAL BEEF P   V 1067010580000001
7052338122 60,014.98                                                               00010000001
7053532780 46,006.36                                                               00020000001
622021000021304182435        000103020050301          0000TYSON FOODS INC   V 1067010580000002
70525441076 10,302                                                                 00010000002
6221210002484127335354       000363151053081          0000HARRISON POULTR   V 1067010580000003
705INV1045397 36,315.10                                                            00010000003
6220430000961014305846       000002726050219          0000PENSKE TRUCK LE   V 1067010580000004
7050016363512 272.60                                                               00010000004
622111000614233776272        000476244053711          0000GOTERA INC DBA    V 1067010580000005
7050475959-IN 47,624.40                                                            00010000005
6220531011210005106773574    000057294256297          0000SALEM LEASING C   V 1067010580000006
7056713579 5,729.42                                                                00010000006
622114000093980064084        000011242856307          0000W & B SERVICE L   V 1067010580000007
705160P23646 1,124.28                                                              00010000007
622084000026180301500        000002883856654          0000SOUTHERN TIRE M   V 1067010580000008
70545000636387 288.38                                                              00010000008
622021000021590161237        000001207157150          0000STERLING INFOSY   V 1067010580000009
7057379325 120.71                                                                  00010000009
6221119007850279776272       000004372758140          0000CSR TRUCK & TRA   V 1067010580000010
7052201 437.27                                                                     00010000010
6220622057913169707          000001363058388          0000INTERSTATE BILL   V 1067010580000011
705X008957844:01 136.30                                                            00010000011
6221110000124426282783       000176120058648          0000IMPERIAL DISTRI   V 1067010580000012
70560727542 17,612                                                                 00010000012
62232108166980007150156      000613075058440          0000NM BXBF LP        V 1067010580000013
705SEP 2019 61,307.50                                                              00010000013
622123000848153910931127     000410670050148          0000SWIFT INDEPENDE   V 1067010580000014
705930280573 41,067                                                                00010000014
822000002901408291900000000000000000328358301591634808                         067010580000001
9000001000004000000290140829190000000000000000032835830
9999999999999999999999999999999999999999999999999999999999999999999999999999999999999999999999
9999999999999999999999999999999999999999999999999999999999999999999999999999999999999999999999
9999999999999999999999999999999999999999999999999999999999999999999999999999999999999999999999
9999999999999999999999999999999999999999999999999999999999999999999999999999999999999999999999
9999999999999999999999999999999999999999999999999999999999999999999999999999999999999999999999
9999999999999999999999999999999999999999999999999999999999999999999999999999999999999999999999
9999999999999999999999999999999999999999999999999999999999999999999999999999999999999999999999
